
@article{r1,
    author = {National Statistical Office},
    title = {Cause of death statistics results},
    year = {2022}
}

@article{r2,
    title= {About Stroke},
    author = {American Stroke Association},
    url = {http://aiweb.techfak.uni-bielefeld.de/content/bworld-robot-control-software/}
}

@article{r3,
  title={The golden hour of stroke intervention: effect of thrombectomy procedural time in acute ischemic stroke on outcome},
  author={Spiotta, Alejandro M and Vargas, Jan and Turner, Raymond and Chaudry, M Imran and Battenhouse, Holly and Turk, Aquilla S},
  journal={Journal of neurointerventional surgery},
  volume={6},
  number={7},
  pages={511--516},
  year={2014},
  publisher={British Medical Journal Publishing Group}
}

@article{r4,
    author = {위키백과},
    title = {뇌졸중},
}

@article{r5,
  title={BE-FAST: a sensitive screening tool to identify in-hospital acute ischemic stroke},
  author={El Ammar, Faten and Ardelt, Agnieszka and Del Brutto, Victor J and Loggini, Andrea and Bulwa, Zachary and Martinez, Raisa C and McKoy, Cedric J and Brorson, James and Mansour, Ali and Goldenberg, Fernando D},
  journal={Journal of stroke and cerebrovascular diseases},
  volume={29},
  number={7},
  pages={104821},
  year={2020},
  publisher={Elsevier}
}

@article{r6,
    author ={중앙일보},
    title = {60\% 더 비싼 '문안의 문' 냉장고 불티 왜},
    url = { https://www.joongang.co.kr/article/8013466#home},
    year = {2012}
}

@article{r7,
    author = {ELIZABETHTOWN GAS},
    title = {Cold Facts About Your Refrigerator},
    url = {https://www.elizabethtowngas.com/conserve/cold-facts-about-your-refrigerator}
}

@article{r8,
    author = {국립중앙의료원},
    title = {응급의료현황통계, 뇌졸중 환자의 발병 후 응급실 도착 소요시간 현황},
    journal = {Kosis},
    year = {2021}
}

@article{r9,
    author = {국립중앙의료원},
    title = {공공의료기관현황, 시도별 공공의료기관 전문의 현황},
    journal = {Kosis},
    year = {2021}
}

@article{r10,
    author = {통계청},
    title = {인구총조사, 가구주의 성, 연령 및 세대구성별 가구},
    journal = {Kosis},
    year = {2022}
}

@article{r11,
    author = {질병관리청},
    title = {지역사회건강조사, 시도별 뇌졸중 조기증상 인지율},
    journal = {Kosis},
    year = {2022}
}

@article{r12,
    author = {국립중앙의료원},
    title = {응급의료현황통계 - 뇌졸중 환자의 응급진료 결과 현황},
    journal = {Kosis},
    year = {2021}
}

@inproceedings{r13,
  title={Multi-angle face expression recognition based on integration of lightweight deep network and key point feature positioning},
  author={Gao, Han and Mokhtarzadeh, Amir Ali and Li, Shaofan and Fei, Hongyan and Geng, Junzuo and Wang, Deye},
  booktitle={Journal of Physics: Conference Series},
  volume={2467},
  number={1},
  pages={012008},
  year={2023},
  organization={IOP Publishing}
}

@article{r14,
    author = {MARGA ROMA},
    title = {The rise of home diagnostics and proactive self-care},
    year = {2022}
}

@article{r15,
year = {2023},
publisher = {IOP Publishing},
volume = {2467},
author = {Han Gao and Amir Ali Mokhtarzadeh and Shaofan Li and Hongyan Fei and Junzuo Geng and Deye Wang},
title = {Multi-angle face expression recognition based on integration of lightweight deep network and key point feature positioning},
journal = {Journal of Physics: Conference Series},
}

@misc{r16,
    author = {JOYDIP DUTTA},
    howpublished = "\url{https://circuitdigest.com/microcontroller-projects/raspberry-pi-based-emotion-recognition-using-opencv-tensorflow-and-keras}",
}

@misc{r17,
    author = {AWS},
    howpublished = "\url{https://docs.aws.amazon.com/iot/latest/developerguide/connecting-to-existing-device.html}",
}

@misc{r18,
    author = {victor369basu},
    howpublished = "\url{https://github.com/victor369basu/facial-emotion-recognition}",
}

@misc{r19,
    author = {MANAS SAMBARE},
    howpublished = "\url{https://www.kaggle.com/datasets/msambare/fer2013}",
}

@misc{r20,
    author = {Adrian Rosebrock},
    howpublished = "\url{https://pyimagesearch.com/2017/04/03/facial-landmarks-dlib-opencv-python/}",
}


@INPROCEEDINGS{r21,
  author={Foong, Oi-Mean and Hong, Kah-Wing and Yong, Suet-Peng},
  booktitle={2016 3rd International Conference on Computer and Information Sciences (ICCOINS)}, 
  title={Droopy Mouth Detection Model in stroke warning}, 
  year={2016},
  volume={},
  number={},
  pages={616-621},
  doi={10.1109/ICCOINS.2016.7783286}}

@misc{opencv,
    author = {OpenCV},
    howpublished = "\url{https://opencv.org/about/}",
}

@misc{dlib,
    author = "{Wikipedia contributors}",
    title = "Dlib --- {Wikipedia}{,} The Free Encyclopedia",
    year = "2023",
    url = "https://en.wikipedia.org/w/index.php?title=Dlib&oldid=1167023074",
    note = "[Online; accessed 1-November-2023]"
  }

@misc{faceutil,
    author = {PyPi},
    howpublished = "\url{https://pypi.org/project/face-utils/}",
}

  @misc{pip,
    author = "{Wikipedia contributors}",
    title = "Pip (package manager) --- {Wikipedia}{,} The Free Encyclopedia",
    year = "2023",
    url = "https://en.wikipedia.org/w/index.php?title=Pip_(package_manager)&oldid=1180414237",
    note = "[Online; accessed 1-November-2023]"
  }

@misc{ssh,
    author = "{Wikipedia contributors}",
    title = "Secure Shell --- {Wikipedia}{,} The Free Encyclopedia",
    year = "2023",
    url = "https://en.wikipedia.org/w/index.php?title=Secure_Shell&oldid=1181703184",
    note = "[Online; accessed 1-November-2023]"
  }

@misc{vscode,
    author = "{Wikipedia contributors}",
    title = "Visual Studio Code --- {Wikipedia}{,} The Free Encyclopedia",
    year = "2023",
    url = "https://en.wikipedia.org/w/index.php?title=Visual_Studio_Code&oldid=1180283909",
    note = "[Online; accessed 1-November-2023]"
  }

@misc{awsiot,
    author = {AWS},
    howpublished = "\url{https://docs.aws.amazon.com/ko_kr/iot/}",
}

@misc{wifi,
    author = "{Wikipedia contributors}",
    title = "Wi-Fi --- {Wikipedia}{,} The Free Encyclopedia",
    year = "2023",
    url = "https://en.wikipedia.org/w/index.php?title=Wi-Fi&oldid=1181719881",
    note = "[Online; accessed 1-November-2023]"
  }

  @misc{github,
    author = "{Wikipedia contributors}",
    title = "GitHub --- {Wikipedia}{,} The Free Encyclopedia",
    year = "2023",
    url = "https://en.wikipedia.org/w/index.php?title=GitHub&oldid=1182232152",
    note = "[Online; accessed 1-November-2023]"
  }

@misc{ scikit-learn,
    author = "{Wikipedia contributors}",
    title = "Scikit-learn --- {Wikipedia}{,} The Free Encyclopedia",
    year = "2023",
    howpublished = "\url{https://en.wikipedia.org/w/index.php?title=Scikit-learn&oldid=1165753997}",
    note = "[Online; accessed 1-November-2023]"
  }

@misc{ PIL,
    author = "{Wikipedia contributors}",
    title = "Python Imaging Library --- {Wikipedia}{,} The Free Encyclopedia",
    year = "2023",
    howpublished = "\url{https://en.wikipedia.org/w/index.php?title=Python_Imaging_Library&oldid=1180608377}",
    note = "[Online; accessed 1-November-2023]"
  }
@misc{ NumPy,
    author = "{Wikipedia contributors}",
    title = "NumPy --- {Wikipedia}{,} The Free Encyclopedia",
    year = "2023",
    howpublished = "\url{https://en.wikipedia.org/w/index.php?title=NumPy&oldid=1182528270}",
    note = "[Online; accessed 1-November-2023]"
  }

@article{gradient, 
title={Droopy mouth detection model in stroke warning}, 
DOI={10.1109/iccoins.2016.7783286}, 
journal={2016 3rd International Conference on Computer and Information Sciences (ICCOINS)}, 
author={Foong, Oi-Mean and Hong, Kah-Wing and Yong, Suet-Peng}, year={2016}
} 

@misc{ SVM,
    author = "{Wikipedia contributors}",
    title = "Support vector machine --- {Wikipedia}{,} The Free Encyclopedia",
    year = "2023",
    howpublished = "\url{https://en.wikipedia.org/w/index.php?title=Support_vector_machine&oldid=1181915689}",
    note = "[Online; accessed 2-November-2023]"
  }

@misc{ Transformer,
    author = "{Wikipedia contributors}",
    title = "Transformer (machine learning model) --- {Wikipedia}{,} The Free Encyclopedia",
    year = "2023",
    howpublished = "\url{https://en.wikipedia.org/w/index.php?title=Transformer_(machine_learning_model)&oldid=1182841289}",
    note = "[Online; accessed 2-November-2023]"
  }

@misc{ Attention,
    author = "{Wikipedia contributors}",
    title = "Attention (machine learning) --- {Wikipedia}{,} The Free Encyclopedia",
    year = "2023",
    howpublished = "\url{https://en.wikipedia.org/w/index.php?title=Attention_(machine_learning)&oldid=1181687523}",
    note = "[Online; accessed 2-November-2023]"
  }

@misc{ ViT,
    author = "{Wikipedia contributors}",
    title = "Vision transformer --- {Wikipedia}{,} The Free Encyclopedia",
    year = "2023",
    howpublished = "\url{https://en.wikipedia.org/w/index.php?title=Vision_transformer&oldid=1182845224}",
    note = "[Online; accessed 2-November-2023]"
  }

@online{vision-transformers-medium,
  author = "Brian Pulfer",
  title = "Vision Transformers From Scratch: A Step-By-Step Guide",
  year = "2022",
  url = "https://medium.com/mlearning-ai/vision-transformers-from-scratch-pytorch-a-step-by-step-guide-96c3313c2e0c",
}
